% Bayesian Optimization
@book{bayes-opt-garnett,
    author = {Garnett, Roman},
    address = {Cambridge, United Kingdom ;},
    booktitle = {Bayesian optimization},
    isbn = {9781108348973},
    keywords = {Bayesian statistical decision theory ; Gaussian processes ;
                Machine learning},
    language = {zxx},
    publisher = {Cambridge University Press},
    title = {Bayesian optimization },
    year = {2023},
}

% Bayesian Optimization: Theory and Practice Using Python
@book{bayes-opt-theory-practice,
    author = {Liu, Peng},
    address = {New York, NY},
    booktitle = {Bayesian optimization : theory and practice using Python},
    isbn = {1484290631},
    keywords = {The패orie de la de패cision baye패sienne -- Informatique ; Python
                (Langage de programmation) ; Optimisation mathe패matique ;
                Bayesian statistical decision theory -- Data processing ;
                Python (Computer program language) ; Mathematical optimization},
    language = {eng},
    publisher = {Apress},
    title = {Bayesian optimization : theory and practice using Python },
    year = {2023},
}

% Gaussian Processes for Machine Learning (2nd edition)
@book{gp4ml,
    author = {Rasmussen, Carl Edward and Williams, Christopher K. I},
    isbn = {9780262256834},
    language = {eng},
    publisher = {The MIT Press},
    series = {Adaptive Computation and Machine Learning series},
    title = {Gaussian Processes for Machine Learning},
    year = {2019},
}