% Bayesian Optimization
@book{bayes-opt-garnett,
    author = {Garnett, Roman},
    address = {Cambridge, United Kingdom ;},
    booktitle = {Bayesian optimization},
    isbn = {9781108348973},
    keywords = {Bayesian statistical decision theory ; Gaussian processes ;
                Machine learning},
    language = {zxx},
    publisher = {Cambridge University Press},
    title = {Bayesian optimization },
    year = {2023},
}